%% This BibTeX bibliography file was created using BibDesk.
%% http://bibdesk.sourceforge.net/


%% Saved with string encoding Unicode (UTF-8)

@book{villani2003topics,
  title={Topics in optimal transportation},
  author={Villani, C.},
  number={58},
  year={2003},
  publisher={American Mathematical Soc.}
}

@book{ambrosio2008gradient,
  title={Gradient flows: in metric spaces and in the space of probability measures},
  author={Ambrosio, L. and Gigli, N. and Savar{\'e}, G.},
  year={2008},
  publisher={Springer Science \& Business Media}
}

@book{stein2012interpolation,
  title={Interpolation of spatial data: some theory for {K}riging},
  author={Stein, M.},
  year={2012},
  publisher={Springer Science \& Business Media}
}


@book{Gikhman_Skorokhod_book_v1,
  title={The Theory of Stochastic Processes I},
  author={Gikhman, I. and Skorokhod, A.},
  isbn={9783642619434},
  series={Classics in Mathematics},
  url={https://books.google.com/books?id=NCTwCAAAQBAJ},
  year={2015},
  publisher={Springer Berlin Heidelberg}
}

@article{giner2014monotonically,
  title={A Monotonically Convergent {N}ewton Iteration for the Quantiles of any Unimodal Distribution, with Application to the Inverse {G}aussian Distribution},
  author={Giner, G. and Smyth, G.},
  year={2014}
}

@article{carlen2003constrained,
  title={Constrained steepest descent in the 2-Wasserstein metric},
  author={Carlen, E. and Gangbo, W.},
  journal={Annals of mathematics},
  pages={807--846},
  year={2003},
  publisher={JSTOR}
}


@article{das2011detection,
  title={Detection of the power spectrum of cosmic microwave background lensing by the {A}tacama cosmology telescope},
  author={Das, S. and others},
  journal={Physical Review Letters},
  volume={107},
  number={2},
  pages={021301},
  year={2011},
  publisher={APS}
}

@article{van2012measurement,
  title={A measurement of gravitational lensing of the microwave background using South Pole Telescope data},
  author={Van Engelen, A. and others},
  journal={The Astrophysical Journal},
  volume={756},
  number={2},
  pages={142},
  year={2012},
  publisher={IOP Publishing}
}




@ARTICLE{planck2013lensing,
   author = {{Planck Collaboration}},
    title = "{Planck 2013 results. XVII. Gravitational lensing by large-scale structure}",
  journal = {Astronomy and Astrophysics},
archivePrefix = "arXiv",
   eprint = {1303.5077},
 keywords = {gravitational lensing: weak, methods: data analysis, cosmic, background radiation, large-scale structure of Universe},
     year = 2014,
    month = nov,
   volume = 571,
      eid = {A17},
    pages = {A17},
      doi = {10.1051/0004-6361/201321543},
   adsurl = {http://adsabs.harvard.edu/abs/2014A%26A...571A..17P},
  adsnote = {Provided by the SAO/NASA Astrophysics Data System}
}

@ARTICLE{planck2015lensing,
   author = {{Planck Collaboration}},
    title = "{Planck 2015 results. XV. Gravitational lensing}",
  journal = {ArXiv e-prints},
archivePrefix = "arXiv",
   eprint = {1502.01591},
 keywords = {Astrophysics - Cosmology and Nongalactic Astrophysics},
     year = 2015,
    month = feb,
   adsurl = {http://adsabs.harvard.edu/abs/2015arXiv150201591P},
  adsnote = {Provided by the SAO/NASA Astrophysics Data System}
}




@ARTICLE{Polarbear2014,
     author = {{The Polarbear Collaboration}},
    title = "{A Measurement of the Cosmic Microwave Background B-mode Polarization Power Spectrum at Sub-degree Scales with POLARBEAR}",
  journal = {The Astrophysical Journal},
archivePrefix = "arXiv",
   eprint = {1403.2369},
 keywords = {cosmic background radiation, cosmology: observations, large-scale structure of universe},
     year = 2014,
    month = oct,
   volume = 794,
      eid = {171},
    pages = {171},
      doi = {10.1088/0004-637X/794/2/171},
   adsurl = {http://adsabs.harvard.edu/abs/2014ApJ...794..171T},
  adsnote = {Provided by the SAO/NASA Astrophysics Data System}
}


@article{hu2002mass,
  title={Mass reconstruction with cosmic microwave background polarization},
  author={Hu, W. and Okamoto, T.},
  journal={The Astrophysical Journal},
  volume={574},
  number={2},
  pages={566},
  year={2002},
  publisher={IOP Publishing}
}

@article{hu2001mapping,
  title={Mapping the dark matter through the cosmic microwave background damping tail},
  author={Hu, W.},
  journal={The Astrophysical Journal Letters},
  volume={557},
  number={2},
  pages={L79},
  year={2001},
  publisher={IOP Publishing}
}



@article{Lewis20061,
title = "Weak gravitational lensing of the CMB",
journal = "Physics Reports",
volume = "429",
number = "1",
pages = "1-65",
year = "2006",
issn = "0370-1573",
doi = "http://dx.doi.org/10.1016/j.physrep.2006.03.002",
url = "http://www.sciencedirect.com/science/article/pii/S0370157306000810",
author = "Lewis, A. and Challinor, A.",
keywords = "Cosmic microwave background",
keywords = "Gravitational lensing",
abstract = "Weak gravitational lensing has several important effects on the cosmic microwave background (CMB): it changes the \{CMB\} power spectra, induces non-Gaussianities, and generates a B-mode polarization signal that is an important source of confusion for the signal from primordial gravitational waves. The lensing signal can also be used to help constrain cosmological parameters and lensing mass distributions. We review the origin and calculation of these effects. Topics include: lensing in General Relativity, the lensing potential, lensed temperature and polarization power spectra, implications for constraining inflation, non-Gaussian structure, reconstruction of the lensing potential, delensing, sky curvature corrections, simulations, cosmological parameter estimation, cluster mass reconstruction, and moving lenses/dipole lensing. "
}



@book{dodelson2003modern,
  title={Modern cosmology},
  author={Dodelson, S.},
  year={2003},
  publisher={Academic press}
}



@article{elsner2013efficient,
  title={Efficient Wiener filtering without preconditioning},
  author={Elsner, F. and Wandelt, B.},
  journal={Astronomy and Astrophysics},
  volume={549},
  pages={111},
  year={2013}
}

@article{jasche2014matrix,
  title={Matrix-free Large Scale Bayesian inference in cosmology},
  author={Jasche, J. and Lavaux, G.},
  journal={arXiv preprint arXiv:1402.1763},
  year={2014}
}



@article{taylor2008fast,
  title={Fast optimal CMB power spectrum estimation with Hamiltonian sampling},
  author={Taylor, J. and Ashdown, M. and Hobson, M.},
  journal={Monthly Notices of the Royal Astronomical Society},
  volume={389},
  number={3},
  pages={1284--1292},
  year={2008},
  publisher={Oxford University Press}
}


@article{neal2011mcmc,
  title={MCMC using Hamiltonian dynamics},
  author={Neal, R.},
  journal={Handbook of Markov Chain Monte Carlo},
  volume={2},
  year={2011}
}

@article{elsner2010local,
  title={Local non-Gaussianity in the Cosmic Microwave Background the Bayesian way},
  author={Elsner, F. and  Wandelt, B.},
  journal={The Astrophysical Journal},
  volume={724},
  number={2},
  pages={1262},
  year={2010},
  publisher={IOP Publishing}
}

@article{bezanson2012julia,
  title={Julia: A fast dynamic language for technical computing},
  author={Bezanson, J. and Karpinski, S. and Shah, S. and Edelman, A.},
  journal={arXiv preprint arXiv:1209.5145},
  year={2012}
}




@ARTICLE{2012MNRAS.425.1042J,
   author = {{Jasche} and {Wandelt}},
    title = "{Bayesian inference from photometric redshift surveys}",
  journal = {Monthly Notices of the Royal Astronomical Society},
archivePrefix = "arXiv",
   eprint = {1106.2757},
 primaryClass = "astro-ph.CO",
 keywords = {methods: numerical, methods: statistical, cosmology: observations, large-scale structure of Universe },
     year = 2012,
    month = sep,
   volume = 425,
    pages = {1042-1056},
      doi = {10.1111/j.1365-2966.2012.21423.x},
   adsurl = {http://adsabs.harvard.edu/abs/2012MNRAS.425.1042J},
  adsnote = {Provided by the SAO/NASA Astrophysics Data System}
}


@article{jasche2013bayesian,
  title={Bayesian physical reconstruction of initial conditions from large-scale structure surveys},
  author={Jasche, J. and Wandelt, B.},
  journal={Monthly Notices of the Royal Astronomical Society},
  pages={stt449},
  year={2013},
  publisher={Oxford University Press}
}

@article{jasche2013methods,
  title={Methods for Bayesian power spectrum inference with galaxy surveys},
  author={Jasche, J. and Wandelt, B.},
  journal={The Astrophysical Journal},
  volume={779},
  number={1},
  pages={15},
  year={2013},
  publisher={IOP Publishing}
}

@article{dahlhaus1997fitting,
  title={Fitting time series models to nonstationary processes},
  author={Dahlhaus, R.},
  journal={Annals of Statistics},
  volume={25},
  number={1},
  pages={1--37},
  year={1997},
  publisher={Institute of Mathematical Statistics}
}

@article{dahlhaus2000likelihood,
  title={A likelihood approximation for locally stationary processes},
  author={Dahlhaus, R.},
  journal={Annals of Statistics},
  pages={1762--1794},
  year={2000},
  publisher={Institute of Mathematical Statistics}
}

@article{priestley1965evolutionary,
  title={Evolutionary spectra and non-stationary processes},
  author={Priestley, M.},
  journal={Journal of the Royal Statistical Society. Series B (Methodological)},
  pages={204--237},
  year={1965},
  publisher={JSTOR}
}

@book{priestley1981spectral,
  title={Spectral analysis and time series},
  author={Priestley, M.},
  year={1981},
  volume = {2},
  publisher={Academic press}
}

@article{hsing2016local,
    title={Local Intrinsic Stationarity and its Inference},
    author={Hsing, T. and Brown, T. and Thelen, B.},
    journal={Annals of Statistics},
}

@article{anderes2008estimating,
  title={Estimating deformations of isotropic Gaussian random fields on the plane},
  author={Anderes, E. and Stein, M.},
  journal={Annals of Statistics},
  pages={719--741},
  year={2008},
  publisher={Institute of Mathematical Statistics}
}

@article{anderes2009consistent,
  title={Consistent estimates of deformed isotropic Gaussian random fields on the plane},
  author={Anderes, E. and Chatterjee, S.},
  journal={Annals of Statistics},
  volume={37},
  pages={2324--2350},
  year={2009},
  publisher={Institute of Mathematical Statistics}
}

@article{anderes2011local,
  title={Local likelihood estimation for nonstationary random fields},
  author={Anderes, E. and Stein, M.},
  journal={Journal of Multivariate Analysis},
  volume={102},
  number={3},
  pages={506--520},
  year={2011},
  publisher={Elsevier}
}

@article{namikawa2013bias,
  title={Bias-hardened {CMB} lensing},
  author={Namikawa, T. and Hanson, D. and Takahashi, R.},
  journal={Monthly Notices of the Royal Astronomical Society},
  volume={431},
  number={1},
  pages={609--620},
  year={2013},
  publisher={Oxford University Press}
}

@article{fuglstad2015does,
  title={Does non-stationary spatial data always require non-stationary random fields?},
  author={Fuglstad, G. and Simpson, D. and Lindgren, F. and Rue, H.},
  journal={Spatial Statistics},
  volume={14},
  pages={505--531},
  year={2015},
  publisher={Elsevier}
}

@article{sampson2010constructions,
  title={Constructions for nonstationary spatial processes},
  author={Sampson, P.},
  journal={Handbook of Spatial Statistics},
  pages={119--130},
  year={2010},
  publisher={CRC/Chapman and Hall, New York}
}

@book{ibragimov2012gaussian,
  title={Gaussian random processes},
  author={Ibragimov, I. and Rozanov, Yurii A.},
  volume={9},
  year={2012},
  publisher={Springer Science \& Business Media}
}

@article{paciorek2006spatial,
  title={Spatial modelling using a new class of nonstationary covariance functions},
  author={Paciorek, C. and Schervish, M.},
  journal={Environmetrics},
  volume={17},
  number={5},
  pages={483--506},
  year={2006},
  publisher={Wiley Online Library}
}

@article{sampson1992nonparametric,
  title={Nonparametric estimation of nonstationary spatial covariance structure},
  author={Sampson, P. and Guttorp, P.},
  journal={Journal of the American Statistical Association},
  volume={87},
  number={417},
  pages={108--119},
  year={1992},
  publisher={Taylor \& Francis}
}

@article{fuglstad2015exploring,
    title={Exploring a new class of non-stationary spatial Gaussian random fields with varying local anisotropy},
    author={Fuglstad, G. and  Lindgren, F. and  Simpson, D. and Rue, H.},
    journal={Statistica Sinica},
    volume={25},
    number={1},
    pages={115--133},
    year={2015}
}

@article{isserlis1916certain,
  title={On certain probable errors and correlation coefficients of multiple frequency distributions with skew regression},
  author={Isserlis, L.},
  journal={Biometrika},
  volume={11},
  number={3},
  pages={185--190},
  year={1916},
  publisher={JSTOR}
}


@article{wick1950evaluation,
  title={The evaluation of the collision matrix},
  author={Wick, G.},
  journal={Physical review},
  volume={80},
  number={2},
  pages={268},
  year={1950},
  publisher={APS}
}
